2932 5004
163 418 217 471 442
527 413 649 468 INDEX
667 412 931 470 tuomum

164 591 361 660 taboquodam
378 591 590 645 infecerant
607 596 707 659 l33‚10.
724 592 728 643 ἓ
743 592 785 644 via
796 590 1036 659 morbiatqueuti
1047 591 1280 647 tabes...eirium

166 696 196 702 -
218 670 277 716 orta
295 662 396 717 sedicio
415 663 453 714 ita
471 662 547 716 brevi
560 706 566 718 .
580 706 587 718 .
601 706 608 718 .
621 680 707 732 popu·
725 648 728 691 ἶ
743 663 849 716 animos
866 663 1013 719 invaserat.

164 736 220 788 lum
251 735 329 802 quasi
359 733 434 787 rabie
465 734 582 802 quadam
612 694 728 795 iufeeitt

167 810 225 871 149,
236 824 270 861 so.
289 836 323 844 -
342 805 511 872 aliquantula
530 848 537 860 .
556 849 562 860 .
582 848 589 861 .
608 802 729 895 furorisi

164 878 225 930 labe
312 875 406 928 infecti
425 879 530 942 lbbsu.
551 907 582 915 -
606 893 728 931 ne

164 948 293 1016 pestilens
311 947 356 1000 hic
374 947 485 999 morbus
504 951 614 1015 sumpto
626 965 643 999 a
655 946 709 1000 Ba-
781 949 825 1011 Cf.
844 947 1010 1015 exemplum.

164 1019 394 1088 benbergensibus
412 1017 493 1070 inicio
509 1022 598 1071 tntum
617 1017 709 1071 infice-

164 1096 206 1143 ret
231 1107 330 1157 eorpus
355 1089 445 1159 gregis
469 1089 597 1142 dominici
615 1093 708 1155 208‚1.

201 1161 369 1228 antiquitatis
382 1165 544 1224 monstrum,
563 1161 585 1212 si
603 1162 638 1213 ab
656 1161 709 1212 in·
785 1163 816 1216 V.
836 1163 920 1215 Ifart.
939 1163 982 1215 26.
1010 1160 1035 1212 si
1058 1159 1128 1228 ipse,
1154 1163 1186 1212 ut
1205 1159 1282 1226 aiunt,

164 1231 254 1284 feris
283 1236 438 1300 emergeret
456 1235 560 1295 luen.
581 1246 612 1270 -’-
633 1232 708 1299 quasi
726 1278 729 1291 ,
745 1233 780 1285 ab
802 1230 937 1284 inferis
962 1229 1103 1284 Homerus
1128 1234 1282 1300 emergeret.

164 1320 198 1355 er
234 1302 328 1356 inferis
364 1302 503 1355 redivivus
539 1319 709 1372 emergerem

165 1378 250 1441 imis.
265 1405 296 1412 -
311 1379 451 1441 tamquam
470 1391 503 1426 ex
522 1373 616 1427 inferis
632 1374 709 1426 vivus

165 1461 306 1513 emergens
324 1449 385 1510 268,
397 1463 429 1499 ιο.
726 1450 729 1549 Ι

104 1558 108 1565 .
199 1516 300 1569 aversis
318 1516 413 1578 oculis,
440 1515 589 1568 infestis
611 1515 729 1583 meuti-¹

165 1588 214 1640 bus
239 1627 245 1639 .
267 1629 299 1642 ..
326 1587 506 1640 mussitabant
532 1590 645 1653 299,rs.
674 1590 729 1663 -j

165 1658 207 1711 Ex
226 1658 278 1710 hoe
294 1675 389 1712 omnes
407 1676 470 1711 cum
489 1657 593 1711 infestis
610 1657 708 1710 meuti-

164 1729 223 1793 bus,
242 1728 361 1782 adversis
383 1729 496 1798 (aversis
513 1733 542 1793 2)
568 1729 709 1782 obtutibus

165 1800 300 1869 respicere
319 1804 411 1867 tiles.

200 1877 309 1940 gentem
329 1871 481 1924 Saxonibus
502 1869 708 1923 infestissi-
781 1871 972 1925 Sollertem
990 1874 1103 1950 gentem
1122 1869 1286 1924 infestis·

164 1959 250 1994 mam
271 1946 330 2008 reu,
343 1959 374 1996 is·
389 1974 421 1980 -
439 1941 640 1994 infestissimam
659 1959 707 1995 no·
744 1958 877 1995 sumam
895 1940 1001 1994 nemim
1018 1939 1158 1996 Romano.

164 2013 231 2065 mini
250 2012 396 2065 christiano
414 2018 524 2081 gentem
543 2017 635 2079 wls.

200 2083 458 2136 infestissimis
477 2084 574 2136 animis
592 2084 620 2136 in
639 2101 707 2152 pug-
780 2082 1287 2152 ern.x‚31.pngnatuminfestis·

164 2171 227 2207 nam
246 2160 330 2207 ruunt
348 2160 436 2221 enm.
744 2154 845 2207 simis
863 2153 968 2208 animis.

200 2227 227 2278 A
257 2245 312 2294 qua
342 2226 568 2279 infirmitate
595 2225 708 2278 uixdum
781 2227 850 2278 Suet.
870 2229 940 2291 Aug.
963 2227 989 2280 8.
1015 2223 1131 2277 vixdum
1158 2224 1289 2278 fir-musa

164 2298 244 2366 plene
263 2298 407 2366 resumptis
426 2297 527 2350 viribus
551 2301 609 2364 103,
620 2315 654 2352 20.
676 2327 707 2337 -
744 2296 822 2367 gravi
848 2294 1006 2350 valitudine.
1034 2326 1065 2334 -
1091 2298 1182 2352 Aram,
1207 2299 1288 2350 Marc.

165 2367 218 2422 Sed
245 2370 279 2420 ab
305 2369 463 2421 infirmitate
488 2368 600 2421 vixdum
627 2369 708 2436 plene
744 2369 808 2435 XX,
825 2371 866 2434 11,
883 2371 923 2423 ll.
943 2366 1090 2435 resumptis
1109 2368 1222 2423 viribus.

164 2444 301 2493 recreatus
321 2443 381 2506 169,
391 2457 411 2494 s.

200 2528 270 2578 puer
288 2511 377 2563 adhue
396 2509 491 2561 infra
511 2510 642 2562 milItares
661 2517 708 2562 an-

165 2599 214 2633 nos
245 2586 303 2645 150,
314 2599 334 2635 5.
362 2612 392 2618 -
420 2597 489 2648 puer
514 2580 594 2649 longe
620 2581 709 2634 adhue

166 2651 237 2704 infra
267 2652 397 2703 militares
428 2668 511 2703 annos
539 2656 646 2716 urens.
674 2654 729 2769 -y
782 2650 1289 2721 Rure1‚13.d0ne0...ann0spu·

165 2723 246 2790 lunge
265 2723 354 2774 adhuc
372 2721 443 2774 infra
461 2722 612 2789 pubertatis
625 2740 710 2775 annos
726 2772 729 2797 Ι
746 2723 858 2776 bertatis
868 2722 1008 2789 impleant.
1019 2751 1050 2760 —-
1062 2723 1162 2776 lustin.
1170 2725 1289 2789 XXXV,

166 2794 274 2862 pueruli
293 2797 397 2860 etum.
726 2798 771 2861 22,
792 2798 817 2849 2.
844 2810 928 2845 annos
950 2793 1103 2860 pubertatis
1123 2811 1255 2864 egressus.

202 2865 330 2916 adversus
355 2864 426 2917 hane
449 2880 544 2916 vocem
564 2864 709 2918 vehemen-
786 2867 815 2919 l'.
829 2867 913 2917 ilfurt.
926 2867 951 2919 4.
970 2864 1101 2916 adversus
1113 2865 1186 2920 hane
1198 2883 1289 2920 vouem

166 2942 208 2988 ter
227 2936 417 2988 infremuit
434 2936 531 3005 vulgus
550 2940 655 3001 ⁶236,sn.
676 2967 708 2974 —
746 2940 877 3004 tyrannus
896 2935 1099 2991 infremuit.

167 3007 307 3060 Adversus
332 3007 383 3060 hoe
406 3008 546 3061 decretum
573 3050 578 3061 .
602 3049 609 3063 .
633 3050 638 3062 .
665 3025 709 3060 ve·

167 3078 310 3132 hementer
352 3079 493 3132 infremuit
529 3083 586 3131 totu
627 3077 709 3131 factio

168 3154 227 3208 199,
238 3167 258 3205 5.

202 3221 236 3273 ad
262 3222 447 3291 ingenium
473 3238 552 3272 suum
574 3225 656 3286 etque
675 3219 710 3272 ed
786 3222 885 3274 Terent.
906 3222 958 3274 Ad.
977 3221 1000 3283 I,
1022 3224 1045 3285 1,
1065 3224 1109 3275 46.
1128 3238 1239 3274 rursum
1257 3219 1291 3273 ad

167 3293 311 3360 pristinum
349 3293 467 3360 rigorem
509 3291 592 3343 animi
629 3290 710 3344 rediit
746 3290 929 3359 ingenium
955 3291 1042 3358 redit3
1070 3293 1133 3348 Heu.
1160 3294 1184 3356 I,
1202 3297 1229 3359 2,
1249 3296 1290 3347 38.

169 3369 227 3429 110,
238 3381 271 3418 es.
300 3395 330 3401 —
358 3364 489 3431 paulatim
509 3362 710 3415 reformabatur
726 3349 729 3455 t
746 3361 780 3414 ad
799 3363 939 3431 ingenium
960 3361 1040 3417 redit.

167 3435 201 3487 ad
220 3435 360 3504 ingenium
379 3452 457 3485 suum
477 3438 559 3500 atque
585 3434 619 3486 ad
638 3435 709 3502 rigo·

166 3523 223 3559 rem
243 3506 386 3573 pristinum
407 3508 466 3571 181,
480 3522 513 3559 ru.
727 3463 729 3589 t
807 3569 812 3578 ¹

202 3577 244 3628 vir
262 3593 324 3628 acer
342 3576 491 3646 ingenio
511 3580 539 3628 et
557 3594 640 3628 manu
660 3577 708 3627 im-
782 3577 848 3630 Sall.
867 3577 925 3643 Ing.
943 3579 968 3630 7.
988 3580 1018 3628 ut
1036 3579 1096 3628 eret
1114 3576 1234 3645 impigro
1252 3582 1291 3629 at·

167 3649 245 3717 piger
273 3651 315 3715 71,
333 3664 352 3702 s.
384 3679 415 3687 -
444 3648 487 3700 vir
511 3648 583 3701 aeris
608 3648 709 3717 ingenii
746 3647 1291 3718 queacriirrgenio;28.acriingenio.

167 3724 227 3785 2511,
238 3736 258 3774 s.

203 3791 298 3843 offensi
318 3791 400 3843 etiam
419 3791 491 3858 regis
509 3790 608 3842 immiti
627 3793 710 3857 atque
782 3789 840 3843 Lis.
860 3789 1006 3853 XXXIII,
1026 3792 1070 3845 45.
1097 3790 1136 3842 sie
1158 3790 1293 3844 immitem

168 3863 331 3930 implacabili
363 3862 511 3931 ingenio
539 3864 600 3925 234,
615 3878 646 3915 15.
677 3891 709 3899 -
747 3863 828 3927 atque
853 3860 1053 3928 implaeabilem
1079 3861 1138 3913 eius
1160 3863 1213 3915 viri
1238 3863 1293 3915 ani·

168 3934 278 3986 immitis
305 3977 310 3987 .
331 3976 337 3987 .
358 3975 364 3987 .
392 3933 493 4002 ingenii
517 3933 575 3984 m'ro
601 3936 709 3998 uuam.
747 3949 821 3983 mum
840 3949 907 3984 esse.

169 4035 200 4043 -
220 4005 307 4057 virum
328 4003 400 4057 mitis
420 4004 520 4072 ingenii
539 4006 644 4068 324‚30.

203 4077 267 4143 quia
279 4093 327 4128 rex
341 4077 369 4128 in
382 4076 454 4128 bone
466 4075 524 4128 eius
542 4075 576 4126 in
586 4074 710 4127 hiave·
727 4064 730 4179 ι
783 4075 858 4140 Sulp.
872 4074 926 4126 Ser.
941 4074 1013 4127 Dias.
1029 4074 1083 4139 III,
1096 4077 1139 4129 11.
1159 4076 1295 4144 siquidem

168 4155 224 4199 rat
244 4152 303 4214 150,
314 4166 347 4202 ru.
747 4144 775 4197 iu
794 4146 866 4198 bona
885 4162 980 4197 eurum
998 4144 1225 4202 inhiaverat

204 4219 246 4270 eui
259 4219 306 4270 <lin
326 4219 404 4270 anxie
423 4217 607 4269 inhiasset
625 4215 710 4269 hono-

168 4306 225 4341 rem
247 4292 306 4354 128,
317 4306 350 4344 25.
371 4319 403 4328 —-
423 4289 502 4341 anxie
524 4288 631 4340 inhians
649 4287 710 4340 bra·

168 4361 212 4413 vio
223 4377 355 4428 supernae
369 4359 596 4413 remunerationis
608 4362 669 4428 318,
676 4376 711 4414 rs.
