2932 5004
528 426 651 482 INDEX
669 425 931 483 LOOUTIONUM.
1240 432 1295 485 ⁴143

206 608 382 663 inelementia
417 607 523 675 hyemis
559 606 612 660 hoc
642 623 714 659 anuo
794 607 824 662 V.
843 607 927 661 Mass.
946 609 971 661 3.
999 605 1090 659 media
1107 606 1206 672 hieme,
1224 623 1294 676 quac

170 681 241 752 iugis
272 679 407 746 solitoque
437 678 559 746 asperior
588 676 714 731 inhor-
751 676 831 730 solito
850 677 1235 745 asperiorinhcrruerat

169 753 577 877 rugariagoiaglfiiiunctum
596 818 648 872 sibi
666 837 713 872 ne·
787 821 862 887 Ssdp.
886 821 941 874 See.
960 820 1034 875 Ds‘cl.
1061 821 1120 885 ΙΙΙ,
1141 823 1182 877 18.
1209 837 1295 890 nego·

170 895 279 966 goeiurn
310 895 512 960 exequerentur
543 895 602 959 199,
617 908 651 945 so.
682 922 712 929 —
751 891 821 944 tium
839 890 890 944 tibi
907 891 994 943 nostri
1012 891 1113 945 doloris
1131 892 1294 962 iniungo.

170 965 244 1034 quod
271 963 417 1034 negocium
441 963 487 1015 ille
514 962 566 1014 sibi
589 1005 595 1017 .
615 1004 622 1016 .
643 1004 648 1016 .
673 961 714 1014 in·
754 993 785 1002 -
804 963 871 1017 Sall.
886 963 942 1017 eat.
955 965 998 1018 43.
1017 979 1097 1015 suum
1115 965 1229 1034 quisque
1247 982 1295 1020 ne·

170 1037 302 1090 iunxisset
319 1038 381 1102 391,
392 1053 412 1089 s.
750 1033 856 1104 gotium
879 1038 1081 1101 exsequeretur.

205 1107 267 1177 Ego
293 1106 359 1158 mihi
384 1121 445 1158 eam
471 1108 578 1156 tantum
602 1120 714 1171 operam
787 1106 891 1172 Roma.
905 1107 1001 1161 Bencd.
1020 1108 1063 1161 48.
1086 1104 1294 1163 Fratribus

171 1179 560 1243 iniunxeram840‚1s.-
574 1174 634 1245 Ego
647 1174 715 1227 mihi
751 1175 813 1228 talis
838 1192 922 1244 opera
940 1180 988 1229 aut
1005 1194 1049 1230 ars
1067 1177 1295 1248 iniungatur.

170 1250 240 1303 hanc
252 1253 360 1302 tantum
373 1264 485 1317 operam
497 1246 603 1299 iniunxi
612 1248 673 1312 348,
680 1264 714 1302 so.

204 1321 246 1374 illi
275 1337 327 1374 nee
354 1319 443 1390 grstia
471 1318 631 1386 cuiusquam
661 1334 715 1371 nee
787 1319 858 1374 Boet.
872 1319 934 1383 1,4.
954 1317 1112 1386 Numquam
1131 1337 1175 1374 me
1188 1321 1295 1374 abiure

171 1391 234 1446 odio
259 1392 294 1444 ab
319 1391 379 1444 iure
402 1389 437 1443 ad
462 1389 636 1442 iniuriam
664 1406 714 1441 un·
751 1390 787 1442 ad
805 1389 978 1443 iniuriam
996 1391 1140 1458 quisquam
1166 1391 1294 1448 detraxit.

170 1481 252 1531 quam
272 1462 371 1516 abduci
388 1464 498 1531 poterat
517 1464 667 1529 135‚10.-
686 1477 715 1513 se
752 1491 786 1500 -
804 1465 892 1516 ΑΜ.
911 1463 998 1515 Marc.
1017 1462 1117 1525 XXII,
1136 1466 1162 1526 9,
1181 1467 1206 1519 9,
1231 1480 1294 1516 nus-

172 1550 373 1601 ...nunquam
391 1531 550 1585 retinendae
568 1531 640 1585 vitae
659 1535 714 1584 stu·
751 1548 833 1600 quam
851 1549 868 1585 a
885 1549 951 1586 vero
969 1532 1110 1589 abductus.

171 1605 216 1658 dio
234 1605 270 1658 ab
288 1605 347 1658 iure
366 1604 401 1656 ad
419 1603 546 1656 iniuriam
565 1602 714 1655 declinatu-

171 1693 232 1729 rum
254 1680 343 1743 197,ι.
359 1673 438 1727 -Iu
457 1673 608 1727 iudicandis
627 1674 714 1726 causis

173 1789 198 1803 ..
213 1790 219 1802 .
232 1764 283 1801 nee
302 1747 365 1799 odio
383 1763 435 1800 nec
453 1745 542 1815 grstia
554 1744 714 1813 cuiusquam

172 1835 271 1872 avere
288 1817 476 1871 abducebatur
494 1819 555 1884 943,
565 1833 599 1871 as.
615 1847 646 1855 -
664 1832 714 1869 nec

170 1888 233 1943 odio
251 1907 303 1944 nec
315 1889 404 1959 gratia
422 1888 456 1941 ab
468 1888 527 1940 iure
540 1887 575 1939 ad
587 1887 714 1940 iniuriam

171 1959 370 2015 devolvendum
389 1964 450 2026 991,
462 1978 481 2015 1.

206 2035 256 2087 ut.
271 2031 445 2088 ..iniussi
464 2046 559 2084 omnes
577 2030 605 2082 in
618 2029 713 2082 domos
786 2032 844 2085 Lis.
864 2031 902 2096 11,
921 2033 966 2095 48,
985 2034 1025 2087 10.
1044 2030 1140 2083 domos
1159 2030 1222 2085 inde
1240 2030 1294 2083 dis-

172 2119 232 2157 suta
256 2102 398 2156 discedant
425 2104 484 2168 198,
499 2118 531 2156 ro.
560 2131 591 2139 —
619 2100 713 2153 iniussi
750 2101 860 2156 cedunt.

171 2174 199 2228 in
216 2191 265 2227 sua
283 2174 389 2228 rediere
407 2177 468 2238 999,
479 2189 512 2228 so.

206 2244 242 2300 Se
261 2288 267 2300 .
287 2286 294 2298 .
314 2286 321 2301 .
340 2262 392 2298 nec
410 2261 443 2297 ea
464 2244 574 2297 levitate
593 2260 609 2296 a
627 2259 713 2311 puero
786 2244 852 2299 Sall.
872 2244 929 2298 Cet.
948 2247 991 2299 31.
1019 2243 1058 2295 ita
1086 2260 1114 2297 sc
1140 2243 1174 2297 ab
1200 2243 1292 2298 adule-

170 2315 254 2370 vitam
273 2316 485 2370 instituisse
505 2318 644 2381 196‚1.-
664 2313 714 2366 sub
750 2314 853 2369 scentia
870 2315 954 2368 vitam
974 2314 1193 2370 instituisse.

171 2388 255 2441 nimia
280 2388 438 2441 austeritate
463 2387 548 2438 vitam
569 2385 714 2438 instituens

174 2463 232 2527 137,
243 2476 276 2514 re.
305 2490 335 2497 —
362 2476 426 2512 curn
445 2500 452 2513 .
472 2496 478 2510 .
499 2456 713 2513 ,honestissime

172 2568 179 2583 .
198 2569 205 2584 .
224 2572 231 2586 .
249 2530 333 2583 vitam
358 2529 533 2582 instituerent
553 2531 615 2596 903,
627 2545 660 2582 10.
681 2558 713 2566 -

170 2617 241 2670 papa
259 2605 315 2654 tam
335 2600 434 2655 eximie
454 2643 460 2654 .
481 2642 487 2654 .
508 2642 513 2654 .
533 2599 617 2651 vitam
637 2598 713 2651 insti·

171 2673 265 2726 tuebat
282 2675 344 2740 988,
354 2690 388 2727 se.

206 2748 339 2811 quatenus
364 2760 413 2796 suc
438 2741 581 2811 specialius
604 2741 712 2794 insti·
792 2744 822 2798 V.
841 2744 925 2799 Mass.
946 2746 988 2798 10.
1016 2742 1062 2811 qui
1084 2742 1118 2795 sd
1137 2742 1293 2809 exemplum

171 2818 339 2868 tueretur
357 2813 483 2881 exemplo
502 2816 604 2876 311,1s.
621 2812 714 2880 —qui
751 2815 824 2867 beati
842 2815 965 2885 magistri
986 2813 1292 2867 instituebantur.

170 2884 199 2938 in
224 2928 284 2941 ...
311 2885 476 2938 monasterio
500 2884 535 2936 ad
558 2884 713 2951 exemplum

171 2956 228 3009 eius
246 2956 458 3010 instituebantur
475 2959 537 3019 393,
548 2972 581 3009 ve.

205 3028 342 3096 principes
369 3067 428 3082 ...
454 3025 489 3079 ad
510 3026 713 3079 instituen-

170 3097 292 3152 damin
312 3098 408 3152 Galliis
427 3097 510 3150 divini
530 3097 636 3150 servicii
656 3113 713 3149 seo·

170 3170 224 3223 lam
287 3169 435 3223 monachos
448 3169 600 3222 evocabant
615 3171 713 3231 133,1s.

171 3272 202 3279 -
231 3241 346 3295 feminas
376 3240 471 3293 aseivit
506 3240 541 3292 ad
571 3238 714 3291 instituen-

170 3311 231 3366 dam
260 3313 289 3365 in
317 3312 412 3366 Galliis
443 3311 574 3365 castitatis
602 3326 634 3362 ae
664 3327 713 3377 pu·

169 3383 278 3438 dieitiac
292 3385 394 3437 scolam
413 3387 474 3450 309,
484 3399 504 3436 s.
520 3412 551 3420 -
566 3381 714 3434 monachos

170 3459 328 3519 evocantes,
358 3471 456 3507 novam
492 3452 576 3505 divini
607 3451 713 3505 servicii

169 3527 271 3580 scolam
292 3569 298 3581 .
319 3566 324 3579 .
345 3569 351 3580 .
370 3525 548 3584 instituerunt
565 3527 658 3590 9433,

204 3598 281 3650 cuius
299 3597 372 3650 vitae
396 3594 713 3662 institutionisque

169 3668 313 3738 lugubrem
333 3667 510 3737 tragediam.
532 3708 537 3720 .
559 3708 564 3720 .
584 3665 712 3734 vulgave-

168 3744 230 3792 rant
248 3743 310 3804 970,
324 3757 357 3794 eo.
373 3770 404 3777 -
423 3737 548 3791 deferens
567 3754 658 3789 secum
677 3736 712 3790 de

167 3809 224 3863 vita
250 3814 278 3863 et
296 3810 467 3863 institutione
492 3824 579 3876 papae
599 3808 712 3861 scenicis

126 3898 129 3902 ·
167 3879 305 3950 figmentis
348 3880 516 3934 consimilem
560 3872 731 3947 tragediami

167 3955 273 4018 95310.
295 3983 326 3991 -
346 3951 527 4021 Replicabant
540 3993 546 4004 .
561 3993 567 4005 .
581 3991 588 4006 .
601 3967 710 4002 omnem

167 4023 239 4078 vitae
258 4023 329 4092 regis
348 4023 547 4076 institutionem
559 4025 620 4087 977,
629 4038 662 4075 se.
678 4052 708 4059 -

168 4111 230 4147 eum
257 4101 335 4147 actus
362 4095 419 4148 eius
448 4109 611 4159 omnemque
638 4092 710 4145 vitae

166 4165 370 4219 institucionem
406 4165 508 4233 optime
541 4163 712 4233 cognovisset

166 4240 228 4303 908,
239 4254 272 4292 ro.
293 4266 325 4275 -
345 4237 392 4305 qui
410 4252 520 4290 omnem
538 4234 609 4287 vitae
633 4251 710 4287 mese

168 4350 174 4362 .
200 4351 206 4364 .
231 4351 237 4363 .
261 4307 464 4360 institucionem
488 4349 494 4361 .
517 4347 524 4361 .
545 4344 551 4358 .
574 4310 711 4359 noverunt

167 4382 272 4447 usqe.
293 4409 324 4417 —
345 4378 473 4445 Plerique
493 4420 499 4432 .
519 4419 526 4433 .
546 4418 552 4432 .
572 4378 630 4430 eius
649 4420 656 4432 .
676 4419 708 4432 ..
