2932 5004
170 406 223 458 462
543 399 664 454 INDEX
683 398 944 456 LOOUTIONUM.

206 596 317 646 sperans
330 596 357 632 se
370 596 425 645 eos,
438 582 469 630 ut
481 577 533 631 dici
546 578 623 644 solet,
640 578 712 630 inter
728 577 731 643 1
788 579 891 633 Terent.
910 581 998 633 Andr.
1016 580 1043 645 I,
1059 583 1086 644 2,
1100 583 1127 635 a.
1141 584 1166 634 7.
1193 579 1228 633 Id
1246 598 1293 633 vo-

169 651 388 716 oscitantes,
414 667 477 702 cum
502 649 657 717 inopinatus
675 650 711 701 ir·
728 662 731 711 ξ
748 649 811 715 luit,
841 666 891 702 nos
916 651 955 703 sic
983 666 1033 703 nec
1059 651 1206 718 opinantes
1231 651 1294 704 duci

169 728 270 787 rueret,
290 721 367 773 facile
386 737 577 788 oppressurum
597 724 658 781 231,
669 737 689 774 5.
728 714 816 772 falso
830 720 939 790 gaudio,
959 725 1109 788 sperantes,
1127 722 1184 774 iam
1202 727 1294 776 amoto

205 792 271 845 dum
282 791 497 859 magnitudinem
508 809 591 859 opum
601 807 710 843 suarum
728 820 730 851 :
747 798 836 853 metu,
864 792 969 845 interea
1001 792 1212 847 oscitantes
1246 811 1294 862 op·

168 864 296 932 gentibus
310 906 315 917 .
330 902 337 916 .
351 905 356 916 .
371 867 606 914 ostentarent
625 866 668 928 93,
676 879 710 917 sc.
728 866 730 938 Ι
747 862 836 930 primi.
849 864 940 927 (Quod
949 865 1045 931 Lamp.
1059 865 1130 915 orcle
1142 865 1294 930 intellexit).

172 964 203 972 —
223 933 258 986 ad
277 976 324 987 ...
344 932 534 985 ostentandam
551 951 634 1000 opum
651 950 710 984 sua·
728 944 730 995 !

169 1022 230 1057 rum
249 1003 477 1073 magnificentiam
497 1008 558 1069 221,
571 1021 602 1059 15.
728 1060 730 1083 ‚

204 1093 266 1127 cum
275 1092 374 1143 magna
382 1092 464 1142 opum
475 1091 585 1127 suarum
599 1081 710 1127 osten·
728 1086 730 1143 1
783 1076 880 1129 lustin.
893 1076 945 1135 XI,
958 1078 983 1140 9,
997 1079 1023 1131 4.
1036 1091 1122 1144 opum
1141 1093 1174 1129 ac
1186 1076 1294 1130 divitia·

169 1146 301 1198 tatione
321 1150 363 1210 79,
376 1163 407 1199 10.
747 1163 808 1198 rum
828 1147 1093 1203 ostentatione.

204 1217 232 1268 in
260 1233 314 1283 qua
344 1217 396 1268 iam
429 1232 444 1267 a
475 1233 560 1284 puero
590 1215 730 1273 residens:
783 1218 880 1268 lustin.
901 1218 996 1283 XXX,
1013 1223 1037 1281 l,
1051 1221 1078 1272 3.
1098 1218 1178 1271 otio
1197 1235 1230 1272 ac
1248 1218 1295 1272 de·

169 1288 250 1341 ocio
278 1292 360 1353 atque
388 1287 496 1356 ignavia
525 1305 595 1355 pene
624 1304 710 1341 emar·
728 1291 730 1336 l
747 1287 816 1340 sidia
835 1289 957 1356 corrupti
981 1289 1153 1344 marcebant.
1181 1320 1215 1329 —
1242 1291 1295 1345 ce.

168 1359 383 1424 cuisset151,m.
404 1388 436 1396 -
455 1375 490 1410 ne
510 1398 537 1413 ..
556 1358 637 1412 inerti
650 1359 710 1411 ocio
728 1384 730 1395 ι
748 1361 816 1425 Apr.
836 1360 875 1425 II,
896 1363 938 1414 33.
960 1359 1160 1413 inertissimum
1179 1367 1208 1414 et
1227 1360 1296 1413 desi·

170 1472 202 1484 ..
224 1472 229 1484 .
256 1430 426 1482 tabescerent
444 1433 550 1496 274,so.
576 1461 610 1469 -
629 1430 711 1483 inerti
746 1429 929 1483 diosissimum
943 1431 1042 1498 otium,
1060 1433 1116 1487 Art.
1132 1432 1172 1495 II,
1185 1435 1226 1487 14.
1240 1433 1296 1485 otio

167 1501 229 1554 ocio
248 1500 355 1553 deditus
376 1504 435 1567 178,
447 1519 478 1555 ιο.
507 1531 538 1539 -
562 1500 620 1568 ipse
638 1501 710 1553 intra
727 1546 730 1579 ,
747 1502 893 1556 tabescere.
915 1532 946 1539 —
966 1502 1033 1557 Sall.
1047 1503 1107 1556 Cat.
1130 1505 1173 1558 16.
1193 1519 1228 1555 ne
1247 1520 1297 1571 per

167 1588 260 1624 muros
280 1615 286 1625 .
306 1610 312 1623 .
333 1615 339 1625 .
359 1572 440 1624 inerti
459 1572 518 1624 ocio
538 1573 710 1640 torpescebat
727 1582 730 1626 ξ
747 1573 834 1624 otium
853 1578 1046 1641 torpescerent.

170 1647 260 1708 175,s.
286 1673 320 1682 -
346 1642 419 1709 quod
446 1685 451 1697 .
477 1685 483 1696 .
504 1685 509 1696 .
536 1643 613 1710 plebs
638 1643 729 1707 intra]

168 1719 256 1766 eastra
273 1713 354 1766 inerti
367 1714 426 1766 ocio
439 1713 586 1767 desedisset
605 1718 709 1781 22396.
727 1723 729 1833 1

170 1814 202 1823 -
223 1789 253 1836 ut
272 1824 318 1838 ...
339 1785 448 1852 spiritus
465 1785 609 1837 scintillam
627 1785 710 1839 inerti

168 1855 227 1907 ocio
246 1854 352 1907 tradam
372 1858 476 1920 316,1s.
727 1846 729 1916 1

706 2039 753 2092 Ρ.

203 2137 276 2206 quod
301 2139 424 2191 omnium
449 2138 644 2193 modernorum
663 2140 729 2211 ab,
782 2140 858 2207 sap.
886 2141 942 2195 Sea.
968 2141 1020 2206 Ep.
1045 2143 1071 2195 2.
1101 2140 1178 2208 quod
1195 2157 1294 2209 upace

167 2210 262 2262 batum
281 2226 366 2277 pace
385 2210 501 2263 dixerim
521 2214 563 2278 75,
574 2229 608 2266 so.
628 2242 661 2250 -
687 2211 710 2263 si
727 2216 729 2255 ἐ
747 2216 904 2264 sanctorum
939 2211 1062 2263 omnium
1094 2210 1222 2266 dixerim.
1260 2243 1293 2250 -

166 2280 195 2333 id
214 2281 264 2333 sibi
283 2298 349 2348 pace
368 2281 425 2334 eius
449 2299 504 2334 non
522 2281 617 2335 liceret
634 2285 678 2346 67,
690 2301 709 2337 ι.
727 2259 729 2349 1
746 2284 854 2405 ffI'etretat.
869 2282 942 2336 Eun.
956 2282 1012 2346 III,
1025 2285 1051 2347 2,
1069 2286 1111 2338 13.
1131 2299 1201 2350 pace
1220 2282 1295 2351 quod

726 2355 729 2400 l
766 2370 782 2405 a
844 2369 868 2405 a.

202 2426 234 2474 ut
260 2465 265 2476 .
291 2465 296 2477 .
322 2465 327 2476 .
355 2420 390 2474 ad
415 2429 540 2490 apertam
566 2424 623 2475 vim
648 2466 654 2477 .
676 2409 729 2484 ..1
781 2371 844 2478 bid
859 2425 884 2488 I,
903 2427 929 2488 ὁ,
949 2427 974 2478 7.
1000 2440 1050 2476 nec
1074 2423 1150 2477 enim
1174 2431 1234 2478 erat
1259 2424 1295 2477 ad

166 2510 273 2561 pares
304 2510 332 2545 se
360 2493 481 2545 hostibus
512 2494 710 2547 arbitrarentur
726 2504 729 2519 ¹
745 2495 801 2547 vim
820 2499 943 2563 apertam
961 2509 1039 2562 par;
1065 2495 1105 2560 ΙΙ,
1126 2499 1293 2559 11‚10.ne-

166 2568 271 2629 atoma.
294 2594 324 2601 -
345 2562 379 2615 ad
392 2568 515 2631 apertam
528 2565 583 2616 vim
603 2569 664 2631 327,
675 2582 708 2619 so.
746 2583 798 2633 que
824 2565 858 2618 ad
877 2582 996 2635 pugnam
1016 2565 1120 2618 viribus
1145 2583 1244 2635 pares,
1270 2569 1293 2628 Ι,

167 2633 328 2686 -tametsi
354 2634 388 2686 ad
407 2635 462 2686 vim
482 2633 635 2688 faciendam
658 2653 709 2703 par
745 2640 845 2702 25,11.
865 2653 915 2689 nec
933 2653 985 2705 ope
1004 2653 1054 2689 nec
1073 2637 1179 2690 viribus
1198 2654 1293 2707 pares,

167 2709 237 2757 esset
262 2704 364 2756 viribus
390 2708 497 2770 321121».
528 2736 557 2743 -
590 2723 645 2758 non
674 2706 708 2758 ad
726 2675 728 2753 1
745 2708 853 2771 XLIII,
867 2711 908 2763 13..
928 2705 1002 2774 quod
1020 2707 1151 2761 adversus
1168 2708 1227 2761 tim
1245 2725 1293 2777 pa·

166 2776 222 2826 vim
241 2774 392 2828 faciendam
414 2779 473 2841 169,
485 2792 517 2830 so.
539 2806 569 2814 —
593 2778 640 2843 qui
658 2795 708 2830 nec
745 2795 855 2831 resnou
869 2784 954 2843 erant,
968 2784 1011 2832 etc.
1032 2810 1064 2816 -
1083 2781 1291 2845 IastiaXXII,

165 2846 223 2913 ipse
243 2846 285 2898 vel
305 2846 386 2898 armis
405 2847 449 2899 vel
467 2864 582 2900 numero
597 2848 641 2901 vel
654 2849 707 2900 vir·
744 2853 808 2914 4,1.
828 2848 902 2915 quod
921 2866 949 2902 se
968 2866 1056 2916 neque
1071 2850 1175 2903 viribus
1196 2868 1292 2918 parem

166 2920 224 2970 tute
250 2922 327 2969 tanto
346 2918 460 2985 negocio
486 2935 515 2971 se
533 2936 628 2986 parem
647 2937 707 2987 pre·
744 2920 863 2983 sideret3
890 2921 1017 2983 XXVII,
1035 2924 1062 2985 ⁴2,
1082 2924 1108 2976 4.
1134 2921 1223 2974 veluti
1242 2939 1293 2990 par

165 2989 273 3042 stiterat
291 2993 351 3055 272,
362 3007 395 3043 ac.
745 2991 859 3056 viribus,
874 2992 1042 3056 XXXVIII,
1054 2995 1096 3048 13.
1109 3008 1161 3045 nec
1173 3009 1292 3046 numero

724 3106 727 3157 l
744 3067 970 3199 bistiliudirildie
980 3079 1161 3201 qllbllesuddsde’
1184 3072 1232 3187 aa
1244 3152 1291 3202 pa·

724 3262 726 3267 ,
744 3221 801 3256 rem
822 3205 904 3256 armis
923 3203 1105 3259 existimabat.

201 3278 412 3340 parcerent.
445 3274 467 3324 si
497 3274 587 3325 minus
615 3270 726 3326 existi-¹
779 3275 974 3330 Salientes.
993 3274 1126 3342 pecuniae
1146 3292 1183 3327 an
1200 3275 1291 3329 famae

165 3345 279 3396 mationi
293 3345 428 3411 propriae,
448 3350 476 3396 at
488 3345 636 3397 calamitati
649 3345 706 3397 eius
744 3346 833 3397 minus
851 3349 1035 3413 parceret,
1054 3344 1130 3398 haud
1143 3345 1224 3400 facile
1237 3346 1290 3399 dis·

164 3418 209 3480 85,
226 3433 259 3469 so.
286 3446 321 3453 -
346 3418 471 3482 parceret
496 3417 591 3468 saltem
618 3415 706 3468 famae
743 3433 885 3482 cerneres;
910 3421 952 3472 52.
972 3417 994 3469 si
1011 3417 1070 3484 ipse
1089 3417 1248 3485 pudicitiae,
1268 3419 1291 3471 si

166 3490 193 3537 et
219 3486 411 3538 existimationi
439 3487 565 3554 propriae
596 3490 654 3551 109,
672 3503 705 3540 ss.
724 3546 725 3553 ,
743 3486 831 3539 lamae
850 3504 914 3540 suae
934 3531 940 3541 .
961 3530 967 3542 .
988 3526 994 3540 .
1014 3488 1145 3555 pepercit.

165 3586 199 3595 —
218 3562 374 3623 parcerent,
399 3557 421 3608 si
440 3557 529 3608 minus
549 3557 606 3609 eius
629 3558 726 3627 innc,

164 3627 282 3694 centias,
307 3632 335 3678 at
353 3628 450 3680 honori
470 3633 550 3695 atque
570 3628 726 3721 existima-j

165 3698 233 3750 tioni
258 3698 385 3766 propriae
410 3703 472 3764 207,
490 3716 523 3754 ao.
554 3729 584 3737 -
614 3716 655 3765 se,
684 3698 725 3750 si·

165 3770 254 3821 miuus
280 3769 374 3821 salutis
393 3786 499 3835 eorum,
526 3774 555 3821 at
580 3738 725 3838 propriael

164 3841 370 3893 existimationis
389 3858 483 3894 curam
509 3842 705 3908 permaximam
723 3844 725 3897 l

165 3911 264 3964 habere
283 3916 344 3977 237,
359 3930 391 3966 ιο.
723 3904 725 3917 ¹

200 3999 250 4035 nec
268 3987 373 4049 pestem
393 3982 462 4034 hanc
482 4021 488 4034 .
509 4024 515 4036 .
536 4025 541 4036 .
568 3982 640 4033 intra
658 3981 725 4065 (1οῆ
785 3983 814 4036 V.
830 3983 916 4035 Mart.
932 3983 1002 4050 prol.
1021 3982 1146 4035 libellum
1167 4027 1174 4039 .
1196 4027 1203 4040 .
1223 4028 1229 4039 .
1248 3986 1289 4037 in·

164 4054 289 4105 mesticos
325 4054 487 4120 parietes
524 4052 705 4106 cohibendam
723 4070 725 4115 ,
743 4057 785 4104 tra
797 4052 961 4106 domesticos
979 4053 1145 4121 parietes
1159 4055 1289 4109 cohibere

166 4127 225 4190 158,
236 4142 268 4178 20.
722 4124 725 4135 '
742 4123 924 4178 decreveram.

200 4212 261 4246 eum
273 4195 467 4247 coniurationis
477 4195 557 4246 huius
566 4195 705 4247 conscium
778 4196 845 4249 Sall.
866 4196 923 4249 Car.
944 4199 985 4251 17.
1012 4193 1099 4247 Erant
1126 4235 1132 4248 .
1154 4239 1159 4251 .
1181 4240 1186 4252 .
1214 4214 1288 4250 com·

163 4266 445 4333 participemque
469 4266 589 4319 extitisse
610 4270 669 4332 157,
683 4283 704 4320 c.
741 4266 833 4333 plures
856 4267 948 4333 paullo
968 4267 1100 4319 occultius
1122 4266 1205 4320 huius
1224 4286 1288 4321 con·

165 4365 196 4374 —
217 4336 352 4403 principes
372 4338 425 4388 iam
449 4354 465 4388 a
488 4336 623 4405 principio
642 4355 704 4390 con·
722 4374 724 4406 ,
741 4337 793 4388 silii
811 4337 1007 4404 participes3
1028 4339 1086 4404 Iup.
1101 4341 1145 4394 71.
1163 4341 1287 4393 omnium
