2902 4994
146 400 273 456 XLVIII
547 401 767 458 PRAEFATIO
784 402 815 459 C.
827 403 862 459 l'.

146 584 333 665 (leucriptnno
378 584 520 666 (trumo
562 584 727 649 Cloio-ero
759 587 937 666 professori
980 588 1182 669 Tubinpensr'
1220 592 1280 654 ud·

145 672 254 750 ferrei.
304 673 367 754 Qui

254 764 327 840 Al)
360 761 538 825 ,transiliunt
571 762 734 842 somn
762 762 927 826 editionem
952 765 1134 846 principem
1160 788 1202 830 ex
1224 789 1280 831 er·

146 850 280 930 emptori
303 851 358 911 illo
388 850 547 929 ransom,
574 856 668 913 1525.
691 853 779 932 opud
800 852 1031 915 Hnirlerirhnm
1049 853 1278 919 dlorhurdum

146 940 229 1020 lppis
252 941 464 1003 orcirrlemlom
481 940 605 1001 onor-it
617 942 636 1007 ¹.
655 940 844 1020 praemissis
858 941 989 1021 epistola
1005 941 1302 1009 Melanclrnoniss

146 1030 191 1087 orl
214 1028 313 1109 ipsum
338 1030 434 1089 ‹loto-⁹
456 1034 485 1088 ol
508 1028 608 1108 ipsius
629 1028 759 1108 epistola
783 1029 977 1092 {lediculoriu
1001 1032 1046 1092 ud
1063 1031 1277 1096 ll'ilhelninm

146 1123 175 1178 el
201 1116 371 1193 (iseronem
396 1118 529 1178 turones
551 1118 588 1178 de
612 1117 779 1197 ll'olpurp
803 1117 1038 1199 l'.Kol.Se1s.
1062 1120 1146 1183 unni
1173 1128 1277 1186 1525.

147 1206 237 1282 iloto,
276 1205 308 1266 in
340 1226 418 1284 prro,
454 1225 522 1265 oum
553 1206 647 1267 rodes
678 1205 956 1285 ll'itlenherpensie
985 1228 1097 1271 nomen
1128 1210 1279 1275 electoris

148 1313 210 1355 non
238 1294 420 1373 praeheret:
450 1291 545 1376 Opus
569 1302 631 1357 est.
662 1293 773 1373 inquil,
797 1300 891 1359 certe
914 1297 990 1379 ipso
1012 1317 1141 1378 genere
1164 1319 1275 1381 quam

147 1383 390 1446 venerandum.
430 1381 512 1443 Eius
536 1383 663 1446 author
685 1384 834 1465 quidem.
857 1390 912 1447 tot
928 1384 1094 1448 revolutis
1110 1393 1277 1452 veterum
1287 1412 1314 1450 io

148 1471 388 1534 monumentis.
412 1475 487 1531 turn
512 1471 628 1554 ipsius.
653 1472 757 1535 facile
773 1478 890 1536 extare
906 1494 975 1536 nou
991 1479 1118 1557 potest.
1150 1476 1275 1540 Unum

148 1560 213 1623 hoc
237 1559 356 1641 liquet.
381 1558 651 1623 Herreldensem
673 1561 791 1624 fuisse.
845 1561 952 1624 Cuius
974 1563 1057 1631 rita,
1081 1564 1275 1648 studiaque

146 1655 218 1711 tem
243 1654 294 1713 est
319 1654 357 1711 ut
382 1648 516 1732 culpari
540 1657 688 1732 possent.
713 1670 816 1732 quam
840 1649 895 1713 rel
917 1651 1134 1733 integerrimi
1158 1655 1275 1719 cuius-

147 1758 213 1820 que
223 1740 245 1798 ³.
291 1737 335 1800 El
365 1736 394 1798 is
420 1735 476 1816 pul
498 1745 628 1799 curante
652 1737 776 1801 seceris
805 1737 937 1802 culicem
968 1738 1273 1821 lunenses-,oensem

151 1967 175 2027 l,
196 1962 273 2013 Hunc
289 1964 397 2013 titulum
414 1979 483 2029 prae
500 1979 526 2012 se
545 1964 598 2024 fert
615 1963 659 2014 lu'c
676 1963 756 2014 liber:
774 1960 903 2030 Quisquis
921 1979 950 2015 es
968 1963 1071 2032 gloriae
1085 1964 1272 2022 Germanicos
1284 1979 1310 2019 1⁵

148 2043 176 2085 et
195 2034 327 2085 maiorum
346 2033 490 2099 studiosus,
510 2033 561 2084 hoc
578 2042 655 2085 utare
674 2050 724 2085 ceu
743 2034 873 2102 magistro
891 2033 983 2086 libello
1001 2046 1068 2101 (orso
1086 2038 1205 2102 ineptior
1223 2055 1273 2090 a·

147 2108 263 2169 opilari
279 2122 331 2156 mm
347 2109 484 2171 [suismet.
513 2106 615 2155 hunius
632 2106 743 2156 dixisset
757 2106 927 2157 Clsurrerue:
948 2107 1086 2172 ‘Quisqsr'e
1102 2111 1272 2173 repsitnrse,

147 2177 274 2227 ‹smnrnlo
296 2180 416 2243 [trimum
434 2177 523 2241 pluria
541 2178 620 2241 repsi
637 2178 793 2227 Gmnonlo·
808 2178 965 2239 modim-ih
989 2177 1037 2228 hoc
1055 2185 1133 2231 sture
1152 2180 1270 2246 h'bello').

148 2195 289 2317 i‘ubingue
308 2265 379 2300 anuo
399 2245 547 2301 nnxxv.
585 2248 769 2314 Subscriptrnn
796 2247 864 2298 libro
888 2254 941 2298 est:
964 2245 1103 2299 Excusum
1123 2248 1271 2319 Tubingae

147 2319 219 2387 apud
247 2318 446 2372 Hulderichum
474 2318 654 2371 Mocherdum
682 2335 774 2371 mense
801 2319 928 2387 Augusto
956 2317 1106 2373 MDXXV.
1158 2322 1307 2374 Tdnluaso

147 2391 330 2443 columnarum
350 2398 400 2441 uc:
421 2389 558 2443 Historiae
577 2388 786 2443 Germanorum.
841 2392 869 2456 2)
889 2391 975 2454 Qum
993 2392 1270 2455 hispaniensibus:

149 2460 290 2530 Philippus
311 2460 506 2514 llelanchthun
530 2478 580 2514 suo
598 2461 729 2530 Chssperi
748 2459 884 2513 Churrero
907 2460 992 2512 bonus
1010 2460 1103 2513 literas
1121 2461 1268 2532 Tubingae

148 2532 175 2584 in
193 2533 289 2585 Sirenis
307 2532 415 2585 docenti
436 2532 463 2587 S.
500 2531 578 2585 Fecit
597 2549 719 2585 mearum
737 2548 829 2584 rerum
847 2532 923 2583 raris
940 2531 1059 2598 iactatio,
1077 2533 1116 2584 mi
1135 2530 1267 2602 Chsspsr,

147 2620 196 2655 cur
215 2603 345 2655 lunensi
364 2603 397 2655 ad
417 2608 444 2657 te
464 2603 530 2655 nihil
550 2604 712 2671 scripserim,
735 2602 844 2654 temetsi
866 2619 974 2670 semper
992 2602 1084 2655 animo
1101 2604 1143 2655 tui
1161 2622 1267 2658 memo·

147 2674 214 2726 rium
234 2672 448 2742 circumferrem,
467 2684 494 2727 et
512 2680 641 2741 tanquam
656 2673 741 2726 oculis
754 2673 853 2725 nostris
866 2672 979 2725 adsiduo
992 2673 1184 2728 obversareris.
1210 2674 1304 2729 Ne-st

147 2761 200 2811 que
219 2745 291 2797 onim
311 2744 369 2797 iicri
389 2746 486 2814 potuit,
512 2754 542 2796 ut
565 2744 685 2797 studium
708 2761 773 2813 erge
791 2750 818 2797 te
837 2761 928 2797 meum
947 2750 1050 2798 temere
1069 2745 1266 2800 benivolentis-

147 2832 200 2882 unu
227 2818 426 2883 languesceret,
452 2833 534 2884 ‹puem
560 2822 703 2884 tantopere
729 2814 891 2869 dilexissem.
928 2812 1017 2882 Quum
1042 2816 1142 2870 vellem
1167 2816 1267 2871 officiis

147 2888 323 2955 amplioribus
337 2889 504 2941 voluntatem
518 2888 601 2940 animi
619 2888 647 2940 in
666 2892 694 2940 te
714 2887 766 2939 mei
784 2885 921 2940 declarare
934 2887 1090 2954 potuissem.
1119 2887 1179 2941 Scis
1192 2888 1266 2942 enim

148 2958 219 3011 hunc
246 2958 310 3012 inihi
336 2977 440 3013 murem
464 2976 530 3025 esse,
557 2965 588 3012 ut
605 2959 755 3012 liberaliter
773 2962 801 3010 et
818 2963 974 3010 constanter
991 2974 1089 3013 amem.
1124 2958 1168 3011 Tu
1186 2959 1266 3013 vicis·

147 3030 206 3093 sim,
232 3032 253 3083 si
280 3048 332 3083 non
353 3032 417 3084 sinis
436 3048 485 3083 nos
504 3048 537 3084 ex
556 3031 647 3083 animo
666 3038 714 3083 tuo
737 3029 858 3095 effluere,
883 3045 1016 3097 perquem
1041 3033 1165 3082 amenter
1190 3029 1303 3085 facisne

148 3098 245 3154 Nescio
263 3103 334 3155 enirn
355 3104 401 3171 qui
420 3102 475 3167 tiat,
503 3110 635 3170 utusque
654 3101 722 3155 udeo
741 3101 878 3154 veteribus
896 3100 988 3152 amicis
1007 3100 1141 3166 sordeam,
1164 3099 1199 3153 de
1218 3107 1265 3154 tus

147 3173 287 3227 vulurrtstc
302 3174 367 3227 nihil
387 3174 492 3240 dubito,
511 3174 671 3241 praesertim
691 3174 712 3226 si
731 3173 759 3225 in
777 3173 810 3224 iia
828 3171 924 3224 studiis
937 3188 967 3223 ac
982 3171 1065 3224 literis
1077 3188 1114 3237 es,
1133 3188 1203 3239 quse
1216 3189 1266 3224 nos

147 3244 180 3298 sd
214 3246 441 3311 benevolentium,
472 3245 616 3312 pietatem,
647 3244 728 3296 fidem
760 3243 948 3297 adhortentur.
994 3241 1117 3310 Reliquis
1147 3242 1267 3296 libenter

148 3315 256 3383 ignium
285 3317 330 3384 qui
350 3317 378 3369 in
397 3316 529 3369 eiusmodi
548 3315 643 3367 studiis
661 3320 812 3377 versentur,
836 3319 867 3366 ut
885 3313 984 3366 mirum
1004 3314 1047 3381 sit,
1070 3313 1266 3382 nonomine,

146 3356 376 3453 ‹pisinusdunnlum
400 3388 445 3439 illc
471 3388 517 3453 sit,
543 3387 676 3439 vulturios
694 3385 761 3440 fieri.
798 3384 955 3438 Discedenti
978 3384 1041 3437 hinc
1059 3383 1169 3439 Secerio
1188 3397 1302 3438 man-as

146 3456 249 3523 derum,
269 3462 299 3509 ut
317 3464 425 3510 curaret
443 3458 591 3521 historiam,
611 3457 688 3510 cuius
706 3463 747 3510 est
765 3457 793 3508 in
806 3456 1050 3525 Augustinensium
1069 3455 1265 3508 monachorum

148 3527 311 3580 bibliothece
338 3528 507 3595 exemplum,
535 3528 658 3582 describi.
714 3527 843 3580 Nondum
874 3527 948 3579 euim
975 3526 1030 3579 ridi
1058 3543 1074 3579 a
1101 3525 1266 3581 Germaniae

147 3599 324 3667 scriptoribus
337 3617 369 3652 cu
383 3606 544 3665 argumento
557 3598 705 3666 quidquam
718 3598 874 3668 diligentius
887 3615 944 3651 esse
957 3597 1146 3664 compositum,
1156 3598 1266 3650 temetsi

146 3670 277 3722 ‹issudsrn
305 3669 480 3723 inlusiscuerit
504 3669 538 3721 de
564 3670 676 3737 privatis
700 3669 780 3723 rebus
806 3668 917 3738 indigus
935 3674 1106 3736 posterorum
1125 3668 1265 3723 memoris.

150 3689 214 3793 ilum
229 3759 285 3793 runi
300 3747 386 3794 totuin
400 3747 463 3793 tuse
476 3740 617 3793 commith»
631 3748 658 3792 ct
671 3740 735 3794 tidei
747 3746 780 3794 et
787 3739 956 3809 prudentiae,
976 3740 998 3791 si
1014 3739 1142 3792 iudiceris
1154 3738 1265 3808 dignam
1274 3753 1302 3791 ιο

147 3828 204 3863 sisso
224 3813 362 3865 historiam
379 3812 505 3878 editione,
525 3828 625 3878 ‹puueso
639 3812 787 3878 incumbes,
807 3816 837 3862 ut
849 3810 922 3862 illius
934 3811 1034 3878 praelis
1046 3809 1266 3863 emendatissima

147 3882 298 3949 iuniidutur,
323 3885 362 3936 sin
383 3884 461 3936 ulitur
480 3883 624 3951 videbitur,
648 3883 727 3936 facile
746 3882 852 3948 faciam,
876 3881 1006 3949 scriptum
1025 3897 1080 3934 nou
1099 3880 1265 3950 elegentissi-

146 3969 220 4005 murn
241 3954 359 4010 interire.
390 3955 458 4007 Vule
478 3953 749 4023 nxVuitttemberga.
804 3958 831 4021 3)
851 3954 964 4005 Initium
984 3953 1106 4020 epistolae
1124 3953 1197 4004 hoece
1214 3961 1266 4004 est:

150 4022 296 4077 incidimus
322 4044 415 4095 nuper,
441 4026 648 4079 (ienerosissirni
673 4025 807 4091 Berones,
834 4024 923 4077 nescio
947 4041 981 4076 un
1008 4039 1127 4091 unquam
1150 4023 1179 4074 in
1202 4040 1266 4090 pru-

147 4094 253 4148 dentius
273 4097 375 4165 sliquos
394 4098 540 4165 insignium
559 4115 650 4151 rerum
669 4104 807 4167 gestarum
827 4114 842 4148 a
860 4095 959 4148 nostris
976 4093 1139 4148 Germaniae
1158 4095 1302 4147 maiori-su

148 4165 196 4217 hus
227 4168 370 4236 scripturn,
401 4169 573 4237 ‹pnrrundum
604 4167 824 4223 doctissimorum
851 4167 993 4219 hominum
1021 4165 1107 4218 literis
1134 4181 1266 4232 perquam

147 4236 302 4291 hurnunitur
329 4240 468 4295 silninniti.
514 4242 559 4293 h's
589 4241 702 4308 reliquls
730 4241 792 4291 haec
818 4245 922 4290 lustros
947 4238 1024 4289 ceron
1050 4237 1169 4288 violanda
1193 4242 1265 4300 euru,

145 4310 241 4376 prailius
268 4311 335 4362 illm·
360 4313 506 4363 laudunis:
535 4317 591 4365 tam
619 4311 797 4376 ioelicissirni,
825 4314 884 4361 tum
910 4325 1001 4361 rerum
1029 4307 1175 4377 dignitate,
1206 4311 1266 4359 tum

146 4379 276 4432 orntimiis
295 4382 428 4451 relegentis
448 4382 527 4435 huius
546 4384 723 4436 monumenti.
