2932 5004
526 421 648 477 INDEX
666 421 928 479 LOOUTIONUM.
1238 429 1291 481 44?

165 602 244 656 nullo
257 600 341 654 modo
354 600 414 654 iure
432 616 481 653 suo
494 598 609 653 cedebat
622 603 683 668 210,
694 619 713 656 1.
786 602 860 653 Rutls
873 605 899 667 4,
912 605 937 656 7.
956 601 978 653 si
997 600 1106 669 quando
1125 602 1195 656 alter
1213 602 1291 656 alteri

166 704 202 713 —
222 673 295 725 ultro
311 688 339 725 se
358 671 419 725 iure
437 688 486 725 suo
499 670 597 724 cedere
609 673 712 738 asaro
750 688 799 725 suo
818 672 891 724 iuri
909 671 1031 727 cedebat.

203 743 279 812 quod
298 750 356 795 tam
374 743 453 796 iure
472 741 541 795 caeli
554 759 636 808 quam
655 743 713 795 inre

167 814 222 869 lori
240 814 368 868 omnibus
392 830 501 882 semper
518 813 572 866 reis
597 853 656 868 ...
682 813 713 865 li·

168 886 270 941 cuisset
290 889 349 952 114,
360 901 394 941 aa.
421 915 456 925 -
481 884 585 939 sibi..
606 926 611 939 .
635 883 713 937 here·

168 956 365 1012 ditatam...
388 955 474 1024 patris
492 960 549 1008 hm
567 955 627 1008 iure
646 954 714 1008 caeli

168 1045 251 1097 quam
271 1029 331 1080 iure
350 1027 403 1081 fori
420 1026 515 1080 deberi
534 1030 595 1094 3⁶21,
607 1043 642 1082 so.
730 1027 733 1097 l

710 1207 753 1262 1..

205 1328 241 1365 ne
253 1315 345 1364 tantus
364 1310 467 1364 labor
484 1327 561 1363 meus
577 1310 713 1364 incassum
786 1312 868 1366 Lenit.
886 1315 931 1378 26,
946 1315 989 1367 20.
1009 1316 1185 1365 consumetur
1207 1312 1292 1366 ineas·

171 1382 266 1437 effluat
298 1386 359 1450 316,
376 1398 398 1438 e.
426 1411 459 1422 -
488 1380 612 1449 Cumque
640 1425 645 1436 .
673 1425 680 1436 .
707 1424 713 1437 .
750 1398 810 1434 snm
829 1382 932 1435 labor
950 1386 1048 1436 vester.

171 1452 258 1508 omnm
285 1495 345 1508 ...
371 1452 506 1506 museum
524 1453 602 1506 labor
620 1451 714 1506 efflue·

170 1530 212 1578 ret
239 1528 302 1590 337,
318 1541 352 1580 eo.
386 1554 417 1563 —
446 1541 509 1578 cum
536 1523 643 1577 videret
672 1528 715 1577 tot

171 1599 315 1663 tantosque
346 1596 453 1649 labores
485 1612 548 1648 suos
578 1595 713 1648 incassum

171 1665 283 1720 effluere
302 1670 363 1734 325,
374 1684 407 1721 ao.

205 1754 327 1807 pugnam
354 1736 505 1791 comminus
530 1737 713 1790 lacessere
785 1737 956 1802 LucanII,
969 1740 1030 1794 553.
1049 1754 1224 1808 pugnamque
1243 1738 1291 1790 la·

171 1807 274 1862 audent
293 1812 336 1875 95,
346 1824 369 1864 e.
390 1838 422 1848 -
442 1825 562 1877 pugnam
582 1808 713 1862 lacessere
750 1824 903 1863 cessere.
931 1839 961 1848 -
994 1810 1071 1876 l'erp.
1092 1812 1159 1863 Aes.
1183 1810 1291 1874 15429.

171 1882 231 1946 220,
242 1897 263 1934 1.
750 1896 925 1949 pugnamque
946 1880 1089 1935 lacessunt.

205 1967 235 2004 se
254 1994 261 2006 .
281 1992 288 2005 .
308 1993 314 2004 .
334 1953 441 2003 exteras
459 1954 555 2019 gentes
572 1949 646 2003 bello
665 1951 713 2003 la·
785 1951 844 2005 Lis.
864 1952 957 2017 XXX,
974 1954 1018 2006 42.
1037 1968 1066 2005 se
1084 1951 1157 2005 bello
1176 1952 1292 2005 laces-

172 2020 714 2088 cessissel23‚15.-qusmdiueos
750 2020 842 2075 sisse
954 2039 985 2074 ac
1003 2021 1075 2076 bello
1093 2022 1229 2089 armisque
1254 2022 1291 2075 la·

173 2092 336 2161 ...prebe
354 2092 486 2146 lacessere
504 2109 561 2146 non
578 2096 714 2162 coguntur
750 2092 895 2148 cessiaerit.
916 2123 948 2132 -
968 2094 1066 2149 lustin.
1085 2095 1146 2158 XL,
1162 2097 1185 2158 l,
1200 2097 1226 2149 4.
1245 2111 1291 2146 ne·

173 2167 276 2231 179,aa.
750 2179 803 2230 que
829 2163 902 2217 bello
930 2163 1013 2216 alium
1044 2165 1175 2218 lacessere
1203 2181 1291 2231 neque

749 2234 889 2287 lacessitus
907 2234 1017 2290 inferre.
1037 2265 1069 2276 -
1090 2237 1163 2290 Caes.
1176 2236 1208 2290 B.
1221 2237 1291 2288 Gall.

205 2305 271 2359 licet
284 2304 473 2372 frequentibus
491 2304 596 2358 iniuriis
616 2322 713 2375 aroge
750 2306 802 2370 IV,
824 2309 863 2361 11.
890 2322 925 2359 ne
945 2305 1038 2359 hostes
1055 2307 1160 2375 proelio
1178 2306 1291 2361 lacesse·

172 2376 368 2430 lacessitus
387 2375 482 2430 fuisset
500 2380 602 2440 libau.
616 2393 713 2445 -pro
749 2381 819 2432 rent.

173 2489 203 2503 ..
221 2489 228 2502 .
248 2446 436 2514 frequentibus
455 2447 635 2514 contumeliis,
655 2448 713 2515 qui·
786 2448 901 2503 casae.
914 2448 984 2504 Gall.
997 2449 1021 2515 Ι,
1032 2452 1077 2504 35.
1095 2464 1164 2502 neve
1177 2447 1291 2502 Aeduos

171 2517 221 2572 bus
252 2518 368 2571 lacessiti
399 2518 509 2572 inerant
541 2522 600 2586 158,
613 2535 647 2574 aa.
680 2549 711 2558 -
749 2518 848 2572 iniuria
866 2519 1078 2575 lacesseret.

170 2589 299 2714 fraribus
329 2606 392 2659 sepe
419 2589 453 2643 ab
479 2590 516 2643 eis
542 2590 713 2643 contumeliis

180 2665 310 2714 acesmlm
328 2664 421 2728 269‚1.

206 2731 344 2800 miserias,
373 2749 442 2800 quae
469 2737 546 2786 tauta
572 2737 654 2800 esset,
684 2735 714 2785 ut
790 2732 893 2789 Terent.
908 2733 1004 2787 Haut.
1025 2733 1161 2798 1,1,115.
1181 2733 1293 2787 lacri-

171 2801 294 2856 hostibus
321 2819 429 2872 quoque
456 2803 511 2857 suis
541 2804 713 2857 lacrimas
750 2819 821 2855 mas
840 2804 959 2856 excussit
974 2803 1049 2869 mihi,
1068 2803 1233 2873 miseretque
1247 2821 1292 2857 me

171 2878 300 2928 excutere
317 2879 409 2943 posset
426 2877 515 2942 8520.
535 2905 567 2914 -
587 2874 713 2928 omnibus
750 2874 816 2929 eius.

171 2944 219 3012 qui
227 2943 343 2999 aderant
352 2945 476 2999 lacrimas
486 2945 603 2999 excussit
613 2950 712 3007 157.eo.

172 3045 205 3055 -
225 3019 257 3069 ut
274 3015 361 3068 saxeis
380 3017 462 3069 etiam
479 3016 605 3069 cordibus
624 3033 713 3069 sermo

172 3086 230 3140 eius
248 3086 373 3140 lacrimas
392 3091 519 3141 excutere
542 3104 621 3156 posse
640 3085 713 3140 vide·

170 3161 248 3210 retur
265 3160 327 3224 244,
338 3176 358 3212 1.

207 3227 364 3282 calamitate
391 3268 466 3295 ...,
492 3228 519 3280 in
545 3245 599 3296 qua
622 3228 714 3282 hostes
786 3229 883 3283 Iustis.
898 3229 1014 3293 XVIII,
1028 3230 1053 3294 6,
1069 3231 1110 3283 12.
1149 3244 1199 3280 uae
1217 3231 1291 3281 aetas

171 3315 282 3367 quoque
307 3316 369 3353 suos
397 3299 432 3352 ad
458 3299 660 3353 miserationem
686 3304 715 3353 et
750 3299 834 3353 etiam
851 3298 972 3353 hostium
994 3298 1086 3352 miseri
1154 3299 1206 3351 'am
1229 3315 1291 3367 pro-

170 3369 207 3422 ed
224 3370 396 3424 lacrimas
414 3387 562 3439 provocare
581 3371 715 3439 potuisset
750 3375 838 3426 vocat.

169 3443 206 3497 87
226 3457 260 3497 ιο.
730 3445 733 3481 ¹

207 3481 282 3566 ’totus
312 3511 341 3565 in
377 3511 548 3566 lacrimas
585 3484 734 3582 effluebatl
787 3513 890 3567 Inoas
908 3513 965 3581 IX,
987 3515 1046 3569 106.
1071 3511 1167 3566 effluet
1191 3512 1220 3566 in
1243 3512 1292 3566 la·

172 3585 233 3650 134,
247 3600 282 3639 aa.
732 3590 736 3675 4
752 3583 893 3639 crimes.

207 3653 254 3722 qui
277 3653 306 3706 in
331 3653 473 3707 laribus
498 3654 552 3706 suis
571 3652 618 3706 diu
637 3653 714 3706 Iami-
787 3656 900 3721 noel,
914 3659 940 3710 ἃ
959 3653 1036 3708 cuius
1054 3654 1091 3708 ab
1108 3654 1292 3709 adulescentia

170 3724 314 3779 liadsaime
331 3725 491 3778 obversatus
509 3725 544 3777 sit
562 3728 713 3793 208,10.-
751 3725 890 3780 laribus
912 3727 1071 3779 obversatus
1088 3725 1203 3781 fueram.

170 3795 219 3865 qni
243 3796 273 3848 in
297 3796 399 3849 laribus
422 3796 481 3849 eius
507 3795 715 3850 familiarissime

170 3866 388 3921 manantur
404 3871 467 3934 247,
477 3885 511 3923 so.
536 3896 568 3905 -
594 3866 714 3920 filiorum

170 3936 200 3991 'm
224 3937 327 3992 lembus
351 3937 543 4007 philosophiae
567 3980 573 3993 .
601 3980 608 3993 .
634 3981 640 3993 .
667 3938 714 3991 ob·

170 4013 341 4063 senatorum
361 4013 465 4074 350525.

207 4080 254 4148 qui
279 4080 393 4134 lateri
416 4081 474 4134 eius
496 4080 551 4133 iarn
570 4080 617 4132 diu
636 4079 715 4133 fami·

171 4150 316 4205 liarissimc
334 4152 493 4205 obversatus
505 4151 595 4205 fuerat
612 4155 671 4218 leq
680 4168 714 4207 aa.
731 4146 734 4195 ἵ

172 4250 204 4262 -
224 4223 272 4291 qus
297 4223 377 4277 aaa
402 4227 453 4276 sm
473 4221 645 4276 familariter
666 4221 703 4276 oa
731 4200 734 4311 ξ

171 4299 317 4348 remulus
335 4297 395 4361 179,
405 4310 440 4350 sa.
731 4348 734 4361 ,

207 4364 275 4419 nihil
293 4365 400 4433 veniae,
423 4364 491 4418 nihil
515 4364 734 4434 laxamentil
788 4364 846 4419 Ls'o.
865 4364 905 4429 ΙΙ,
922 4368 948 4429 3,
960 4368 986 4420 4.
1005 4364 1073 4419 nihil
1091 4364 1294 4419 laxamenti
