2932 5004
528 402 649 457 INDEX
668 402 927 460 LOCU'I'IONUM.

172 623 178 637 .
202 623 208 636 .
234 623 240 635 .
268 581 372 634 cunctis
402 622 408 636 .
433 623 440 636 .
464 622 470 636 .
499 580 733 648 exquisitissimis

170 652 260 705 verbis
285 650 486 704 commendavit
511 656 572 716 315,
585 669 606 707 s.
628 650 713 704 —Id

170 722 313 790 exquisitis
333 723 460 790 precibus
480 765 485 777 .
506 761 512 774 .
532 761 539 774 .
558 722 630 791 regis
648 721 712 775 fidei

170 793 345 847 commendat
361 797 422 859 332,
433 810 466 848 20.

205 864 240 917 ad
277 864 564 933 extinguendum
601 864 713 916 omniuo
785 866 843 917 Lr'v.
867 865 1045 931 VI,2,2.ad
1069 867 1291 937 extinguen-

170 952 270 988 nomen
290 935 347 987 eius
361 939 450 987 totum
463 935 541 1004 regni
553 935 638 988 robur
650 953 713 987 con·
750 935 828 989 dum
854 953 954 990 nomen
974 935 1128 990 Romanum
1154 955 1231 991 arma
1248 955 1290 991 ce·

171 1005 306 1059 citabatur
335 1009 397 1072 246,
410 1023 444 1060 m.
474 1036 505 1044 —
534 1009 623 1058 totum
749 1012 854 1075 perant.

171 1077 256 1129 robur
283 1077 359 1158 regni
387 1076 430 1128 sui
457 1076 485 1128 in
511 1076 604 1128 odium
632 1082 713 1144 atque

171 1147 205 1200 ed
246 1147 394 1216 perniciem
435 1146 526 1199 fratris
568 1147 713 1200 sollicitare

171 1222 232 1282 327,
241 1236 277 1273 ao.
297 1249 329 1258 -
350 1217 592 1272 Contradicentes.
608 1218 712 1272 ..totis

171 1289 248 1412 lpegni
270 1289 373 1415 {ligibus
398 1288 523 1356 persequi
546 1329 552 1343 .
573 1330 578 1342 .
599 1330 605 1343 .
627 1289 712 1341 mina-

189 1370 251 1412 tur
367 1403 374 1414 .

204 1431 300 1499 patriis
313 1377 413 1484 tiriibus
426 1431 601 1497 extorris,
618 1429 712 1497 patriis
785 1432 871 1483 Amm.
891 1432 976 1486 Marc.
996 1433 1103 1497 XXXI,
1123 1436 1164 1495 12,
1181 1436 1207 1488 8.
1231 1449 1291 1485 ex-

170 1501 382 1569 possessionibua
404 1503 505 1555 eiectus
525 1504 611 1568 6325.
631 1531 662 1538 -—
684 1517 712 1553 se
748 1504 868 1554 torres
893 1502 988 1570 patriis
1015 1503 1124 1558 laribus.
1152 1534 1182 1541 —
1211 1504 1289 1569 Verg.

170 1572 263 1641 patriis
291 1571 390 1625 finibus
417 1579 568 1638 extorrem,
599 1574 713 1639 paterna
749 1573 814 1627 Aen.
847 1574 865 1623 I
868 1574 898 1636 V,
925 1576 985 1628 616.
1023 1572 1121 1626 finibus
1158 1574 1291 1641 extorris;

170 1642 320 1696 hereditate
348 1643 509 1696 destitutum
542 1646 649 1708 123,10.
680 1672 711 1681 —
749 1644 772 1708 Ι,
793 1645 853 1698 620.
873 1642 972 1697 finibus
992 1645 1134 1712 expulsum
1153 1644 1256 1712 patriis.

171 1714 293 1781 quamvis
328 1714 423 1781 patriis
454 1713 553 1766 finibus
590 1718 712 1766 extorres

172 1827 177 1838 .
197 1823 203 1837 .
224 1828 230 1840 .
250 1783 358 1852 perdito
377 1785 541 1853 patrimonio
560 1787 711 1851 260,10.-

170 1855 345 1924 principes..
360 1895 366 1908 .
379 1855 475 1924 procul
500 1855 595 1922 patriis
613 1853 712 1907 finibus

170 1926 307 1994 expellere
325 1927 500 1979 minabantur
518 1929 579 1992 272,
589 1942 610 1980 u.

203 1997 297 2049 multis
315 1997 439 2065 precibus
464 1996 502 2050 eis
520 1997 566 2048 vix
586 2001 613 2048 et
631 2013 712 2065 aegre

170 2068 332 2120 extorsit
352 2071 454 2134 169,eu.
475 2098 506 2105 -
527 2066 601 2135 quod
623 2067 711 2134 ipsum

170 2138 214 2190 vix
254 2138 367 2190 summis
401 2138 527 2206 precibus
567 2137 712 2190 extorserit

170 2211 221 2264 263
240 2226 274 2264 as.
728 2264 730 2269 .

204 2249 233 2333 se
253 2323 258 2334 .
277 2322 284 2335 .
302 2322 308 2334 .
328 2284 454 2347 puratum
474 2322 480 2334 .
500 2320 507 2335 .
525 2321 531 2333 .
549 2282 711 2332 extreme
783 2278 849 2331 Sall.
868 2279 924 2333 Cat.
944 2281 987 2333 26.
1007 2278 1148 2332 constituit
1234 2295 1288 2331 ex-

169 2350 249 2403 etiam
258 2350 351 2403 omnia
360 2351 477 2418 experiri
488 2353 530 2417 66,
539 2367 573 2404 su.
586 2349 710 2401 -maile
746 2351 862 2401 trema
880 2348 972 2401 omnia
990 2349 1116 2416 experiri.
1135 2380 1166 2388 -
1187 2349 1245 2402 Lis.
1265 2350 1289 2414 I,

169 2422 278 2474 semori
291 2425 372 2488 atque
389 2426 512 2474 extrema
531 2421 710 2488 omniaprius
746 2422 790 2485 48,
803 2423 827 2474 3.
856 2419 1015 2473 necessitate
1042 2420 1095 2472 iam
1122 2420 1205 2473 etiam
1230 2420 1289 2487 ipsa

169 2492 285 2560 experiri
305 2495 409 2557 148,xc.
425 2522 456 2531 —
473 2495 501 2544 et
513 2491 574 2543 ideo
588 2496 710 2544 extrema
746 2494 862 2558 cogente
880 2489 977 2543 ultima
999 2490 1113 2557 audere,
1132 2492 1187 2555 III,
1205 2494 1288 2554 2,11.

169 2563 709 2631 omniapriusseexperturosesse209,oo.
746 2560 898 2629 desperatio
925 2562 1021 2615 ultima
1041 2562 1142 2616 audere
1161 2565 1189 2616 et
1207 2577 1288 2630 expe·

170 2664 201 2672 -
214 2650 269 2701 qua
280 2633 441 2687 necessitate
459 2632 573 2686 adhaec
587 2637 709 2685 extrema
745 2631 793 2684 riri
811 2633 934 2702 cogebat.

169 2703 332 2773 experienda
344 2704 431 2757 coacti
444 2703 499 2756 sint
516 2707 559 2770 87,
567 2721 586 2757 1.
599 2720 709 2770 —quos

170 2818 226 2830 ...
254 2774 288 2827 ad
314 2775 381 2827 haec
404 2779 526 2828 extrema
545 2773 710 2841 experienda

169 2846 300 2914 coegisset
319 2848 409 2911 151⁶,
430 2875 461 2884 —
482 2843 516 2897 ad
535 2845 602 2898 haec
621 2849 707 2898 extre·

170 2933 213 2969 ma
225 2915 352 2969 audenda
370 2914 588 2983 experienda-que
607 2920 708 2982 22:3,2e

172 2987 316 3054 -quique
335 2991 457 3040 extreme
473 2987 566 3039 omnia
584 3029 590 3041 .
611 3029 616 3040 .
637 3028 644 3041 .
664 3003 709 3039 ex-

169 3058 251 3126 periri
266 3057 406 3110 malebant
423 3060 485 3123 260,
495 3074 528 3112 20.
543 3056 623 3108 -nd
642 3056 709 3109 haee

170 3134 292 3182 extrema
328 3127 493 3196 experienda
534 3127 709 3194 prorupimus

169 3203 228 3267 279,
239 3217 273 3255 so.
301 3229 332 3239 -
359 3199 441 3252 malle
460 3215 488 3251 se
508 3241 513 3252 .
535 3241 540 3252 .
561 3241 567 3252 .
587 3203 709 3250 extrema

169 3270 259 3323 omnia
279 3269 396 3337 experiri
415 3273 476 3336 321,
487 3285 520 3323 es.

203 3347 401 3395 extremam
425 3340 502 3408 operi
523 3355 634 3391 manum
659 3355 709 3407 per
785 3337 861 3401 Verp.
877 3337 943 3390 Aen.
960 3335 1023 3400 VII,
1043 3337 1150 3416 5¹72sq3
1166 3339 1285 3389 extre·

169 3427 195 3464 se
214 3412 303 3479 ipsum
321 3411 452 3479 imposuit
472 3413 575 3477 115,1s.
591 3440 622 3449 —
637 3408 708 3462 Aec—
744 3405 830 3478 masm
859 3447 865 3461 .
893 3448 898 3460 .
925 3443 932 3457 .
960 3405 1031 3458 bello
1058 3411 1165 3474 inpomt
1191 3407 1286 3474 regina

168 3483 265 3536 clesiae
291 3523 350 3537 ...
377 3487 407 3534 tu
426 3485 576 3534 extremam
595 3497 707 3532 manum
744 3494 864 3531 manum.

169 3552 277 3621 impone
296 3556 357 3619 316,
367 3569 401 3608 xo.

202 3628 233 3675 ut
251 3641 314 3676 eum
402 3639 494 3675 rursus
519 3621 629 3675 civitate
648 3638 707 3675 ex·
786 3620 815 3673 Γ.
834 3619 919 3672 Mart.
938 3621 963 3672 (1.
991 3619 1137 3686 multisque
1158 3617 1285 3671 affectum

168 3695 336 3747 turbaret
357 3697 460 3760 luero.
743 3689 847 3742 iniuriis
870 3688 904 3741 de
930 3688 1039 3742 civitate
1065 3690 1284 3743 exturbavit.

706 3870 751 3924 F.

201 3977 298 4045 procul
323 3975 510 4030 facessant
533 4016 538 4028 .
559 4017 565 4028 .
586 4016 592 4028 .
612 3974 706 4027 verbo·

166 4065 226 4100 rum
251 4063 360 4116 pugnae
381 4050 440 4110 167,
450 4064 483 4101 so.
505 4075 536 4084 —
558 4050 588 4096 ut
611 4045 707 4112 procul

166 4118 281 4172 facessat
299 4116 401 4170 invidia
419 4120 479 4181 336,
490 4132 510 4170 n.

200 4189 247 4257 qui
273 4187 441 4257 languidos.
463 4185 591 4241 ..novis
615 4185 706 4238 feci·
778 4185 851 4236 Pers.
870 4183 925 4247 III,
948 4184 1008 4237 110.
1033 4180 1173 4249 supposita
1198 4179 1283 4235 face.

167 4259 228 4312 bus
253 4258 382 4312 adhibitis
408 4257 597 4310 exsuscitasset
618 4260 661 4322 92,
672 4274 705 4311 m.
744 4285 774 4294 -
808 4255 909 4309 Terent.
937 4253 1026 4307 Andr.
1052 4253 1078 4316 1,
1105 4255 1135 4313 2,
1158 4255 1200 4307 20.
1227 4252 1282 4318 III,

168 4334 345 4400 -egrotum
364 4329 484 4381 animum
503 4332 705 4393 ...tamquam
743 4329 767 4390 3,
786 4329 829 4381 27.
856 4324 976 4376 animum
1003 4327 1160 4392 aegrotum3
1186 4322 1283 4380 Heaut.
