2932 5004
183 408 218 459 98
457 402 658 456 LAMPERTI
677 400 870 456 ANNALES.
907 402 942 456 A.
963 404 1040 458 loco.

95 567 171 619 1065.

62 635 172 674 „am
184 585 318 648 toribus
342 585 519 667 excepturi
543 586 669 648 forent.
717 585 784 648 Per
807 585 916 648 hanc¹¹
946 585 1158 648 occasionem
1191 586 1308 668 paulu-

185 673 256 736 lum
288 674 331 736 ab
362 674 465 736 armis
496 678 531 736 et
566 666 781 736 incursioue¹’
816 673 996 737 vacatione
1027 674 1124 745 data,
1162 676 1309 738 nuncius

185 763 280 826 venit
314 763 350 824 in
386 767 499 825 castra
533 763 577 824 ad
608 762 830 829 christianos,
863 762 985 824 missus
1016 762 1058 825 ab
1089 763 1144 825 his
1179 764 1238 844 qui
1273 765 1308 826 in

186 872 369 933 parasceue
394 850 553 915 omnibus
577 850 710 912 arnissis
734 851 818 913 nudi
843 855 878 913 et
903 851 1010 913 saucii
1034 871 1141 932 usque
1161 851 1309 915 Ramulo

185 940 463 1021 pertenderant¹.
503 939 538 1001 Is
562 939 793 1001 amaritudine
818 943 851 1001 et
877 943 972 1002 metu
997 940 1165 1002 confectis
1189 942 1330 1004 menti-s

185 1029 249 1090 bus
279 1049 441 1110 magnum
473 1027 593 1090 attulit
626 1027 859 1110 refrigerium,
891 1028 1047 1090 indicans
1079 1029 1199 1092 ducem
1238 1051 1308 1112 pre·

185 1117 299 1180 dictae
323 1117 490 1187 civitatis
523 1115 604 1179 licet
630 1137 816 1198 paganum,
842 1116 958 1179 divino
982 1120 1115 1193 tamen,
1148 1122 1186 1179 ut
1213 1123 1307 1200 puta-

186 1205 297 1269 batur.
334 1205 502 1268 instinctu
533 1205 739 1275 animatum,
772 1226 848 1267 cum
886 1204 1085 1286 ingentibus
1120 1206 1228 1287 copiis
1264 1208 1307 1270 ad

184 1294 276 1376 ipsos
307 1293 503 1357 liberandos
533 1294 705 1357 advenire.
751 1293 824 1356 Nec
856 1292 964 1357 latere.
999 1294 1113 1376 potuit
1144 1294 1307 1359 Arabitas

184 1382 440 1445 advenientium
466 1382 617 1445 hostium
641 1383 745 1444 fama.
792 1381 986 1463 Statimque
1014 1403 1147 1453 ornneS,
1180 1385 1340 1447 ar'ersisu

184 1470 228 1533 ab
259 1470 404 1533 aliorum
436 1471 694 1553 oppugnatione
724 1470 767 1532 ad
799 1490 834 1533 se
858 1471 950 1552 ipsos
974 1470 1156 1533 salvandos
1180 1474 1306 1554 cogita-

184 1559 350 1635 tionibus,
383 1559 543 1641 precipiti
577 1560 677 1639 fuga,
710 1579 777 1640 quo
808 1563 995 1640 quemque⁰
1030 1579 1107 1641 spes
1138 1561 1305 1624 evadendi

185 1648 339 1721 vocabat,
364 1647 577 1710 dilabuntur.
617 1647 660 1709 Iu
676 1668 717 1710 ea
733 1648 975 1730 trepidatione,
1001 1648 1083 1710 dum
1100 1648 1159 1711 alii
1176 1650 1220 1712 ad
1238 1650 1306 1713 alia

184 1737 336 1799 curanda
360 1736 600 1810 discurrerent,
627 1756 715 1798 unus
735 1736 928 1798 vinctorum
952 1736 1070 1807 evasit,
1095 1758 1200 1819 opera
1224 1760 1304 1802 usus

184 1824 362 1888 Sarraceni
380 1825 568 1895 cuiusdam,
593 1845 692 1905 quem
712 1825 833 1887 ducem
854 1825 988 1887 itineris
1008 1825 1186 1888 christiani
1205 1827 1338 1892 habe-u

184 1912 284 1989 bant,
317 1918 416 1976 tanto
446 1913 597 1975 omnium
630 1912 764 1985 dolore,
796 1917 896 1975 tanto
926 1913 1075 1993 gemitu,
1108 1918 1146 1975 ut
1178 1915 1221 1977 ab
1254 1937 1302 1991 eo,

183 2001 280 2064 cuins
300 2001 518 2083 indulgentia
535 2001 693 2064 dimissus
710 2002 834 2072 fuerat,
861 2001 915 2063 rix
933 2022 1053 2064 manus
1070 1999 1303 2067 inhiberentd.

36 2113 115 2159 (aaa.
126 2114 170 2160 aa).
183 2089 255 2152 Nec
287 2089 397 2153 multo
428 2094 506 2173 post
537 2090 605 2152 dux
636 2090 725 2172 ipse,
756 2094 797 2151 ut
827 2090 1030 2153 nunciatum
1060 2091 1192 2166 fuerat,
1226 2113 1301 2156 cnm

182 2179 334 2241 exercitu
365 2179 536 2247 advenit-2
569 2179 777 2260 pacificeque
807 2179 843 2240 in
873 2178 1000 2241 atrium
1031 2182 1070 2241 a⁰
1107 2180 1302 2244 christianis

182 2271 360 2349 susceptus
391 2272 453 2341 est,
485 2267 658 2349 suspensis
688 2272 804 2330 tamen
835 2267 994 2329 omnibus
1028 2268 1120 2331 inter
1149 2289 1243 2351 spem
1269 2275 1302 2334 et
1312 2291 1336 2327 n

182 2360 321 2425 metum,
340 2377 383 2419 ne
399 2357 490 2420 forte
508 2376 576 2417 non
589 2355 727 2418 sublata
739 2355 927 2429 calamitas,
945 2356 1005 2419 sed
1018 2350 1149 2418 hostis‘
1164 2361 1301 2420 tantum

181 2448 335 2506 mutatus
360 2448 458 2515 esset,
484 2449 519 2507 et
536 2448 687 2528 propter*
699 2444 887 2507 novitatem
910 2444 960 2507 rei
977 2444 1119 2508 difficile
1136 2447 1302 2509 credenti·

11 2556 170 2603 naeniam
181 2533 254 2605 bus,
277 2533 368 2614 quod
385 2533 553 2595 Satanae
572 2532 725 2595 Satanan
741 2533 859 2605 eicere,
878 2532 942 2596 hoc
963 2537 1015 2595 est
1031 2553 1186 2615 paganus
1203 2556 1301 2618 paga·

181 2642 262 2683 num
280 2621 323 2684 ab
339 2621 563 2684 infestatione
579 2617 857 2683 ‘christianornm
874 2621 1034 2684 cohibere
1046 2621 1161 2685 vellet.
1187 2623 1301 2688 Primo
1312 2639 1344 2685 *ιι
1354 2639 1375 2676 ιῑ

180 2710 332 2771 omnium
356 2711 490 2773 vinctos
520 2709 585 2772 sibi
616 2710 805 2791 presentari
833 2709 943 2771 iussit.
990 2707 1083 2787 Quos
1107 2730 1185 2773 cum
1210 2733 1336 2795 aspa-a

180 2798 284 2861 risset
316 2802 351 2860 et
381 2819 467 2879 quae
497 2800 593 2862 facta
622 2799 762 2861 fuerant
792 2798 912 2860 ordine
943 2797 1111 2872 audisset,
1137 2801 1301 2864 mammas

181 2886 377 2949 christianis
400 2887 530 2967 gratias
549 2888 620 2969 egit
645 2908 706 2968 pro
730 2886 911 2967 magnifice
935 2886 1041 2967 gestis
1064 2887 1166 2950 rebus
1191 2894 1226 2951 et
1250 2910 1301 2953 ex-

181 2975 343 3057 pugnatis
374 2976 423 3039 rei
454 2975 612 3058 publicae
647 2975 820 3038 acerrimis
856 2974 1029 3050 hostibus,
1066 2976 1124 3056 qui
1158 2997 1300 3058 regnum

181 3056 422 3126 Babiloniurnh
449 3064 517 3127 iam
542 3063 748 3145 permultos
772 3082 880 3125 annos
903 3063 1049 3125 assiduis
1073 3065 1301 3146 populationi-

181 3152 244 3215 bus
273 3153 497 3216 infestassent
528 3156 563 3215 ct
593 3172 734 3234 magnas
765 3151 966 3233 plerumque
990 3152 1170 3215 adversum
1195 3175 1231 3218 se
1255 3156 1336 3217 ineo

180 3245 329 3304 structas
364 3242 454 3304 acies
489 3241 668 3303 commisso
703 3239 890 3303 certamine
920 3234 1177 3304 obtrivissent¹.
1224 3242 1301 3306 Tra·

180 3329 271 3392 ditos
295 3350 353 3393 eos
377 3328 577 3393 custodibus
605 3329 677 3410 regi
702 3321 1020 3392 Babilouiorumh·³
1049 3329 1143 3393 vivos
1174 3333 1301 3395 servari

180 3418 344 3499 precepit.
392 3417 480 3498 Ipse,
506 3421 648 3499 accepta
672 3438 693 3479 a
715 3416 913 3480 christianis
940 3420 1069 3499 quanta
1094 3426 1301 3484 convenerat

181 3504 357 3586 pecuniaf,
389 3524 504 3568 secum
535 3525 592 3568 eos
623 3505 769 3568 Ramulo
801 3505 971 3587 perduxit.
1020 3506 1107 3570 Inde
1142 3508 1301 3573 adhibito

180 3592 228 3655 eis
253 3592 490 3675 expeditorum
515 3593 675 3656 iuvenum
701 3594 866 3676 presidio,
898 3614 941 3656 ne
971 3615 1038 3675 qua
1062 3595 1176 3659 denuo
1200 3597 1335 3661 latro-u

179 3701 262 3742 num
293 3681 486 3745 incursione
517 3682 805 3764 periclitarentur,
837 3702 945 3764 usque
976 3682 1212 3747 Ierosolimam
1244 3706 1301 3750 eos

48 3795 116 3844 (aar.
125 3796 168 3844 n).
179 3769 321 3852 perduci
355 3769 465 3832 iussit.
519 3770 616 3832 Nihil
653 3771 814 3852 deinceps
849 3771 1069 3835 difficultatis
1103 3771 1139 3834 in
1176 3775 1299 3847 eundo,

178 3962 200 4005 a)
214 3972 256 3998 cnr.
273 3959 332 3999 arb.
388 3959 411 4009 b)
425 3959 587 3999 incursionibus
601 3961 621 3998 A
630 3961 648 3998 l.
658 3962 689 3999 1¹.
752 3960 773 4009 c)
787 3960 802 3999 f.
819 3962 935 4008 quoadque
948 3961 969 3999 Β
978 3960 1011 3999 lb.
1075 3959 1099 4009 d)
1113 3962 1225 4002 inhiberet
1239 3963 1299 4002 arb.

178 4014 199 4061 e)
219 4024 261 4052 om.
282 4014 369 4052 Δ1.1·.
439 4013 457 4062 i)
475 4018 490 4051 t.
507 4013 529 4052 h.
544 4013 592 4053 ΒΞ.
660 4013 684 4063 g)
703 4013 809 4053 sathanas
827 4013 938 4053 sathanan
956 4013 1044 4053 Baua
1118 4015 1140 4057 b)
1156 4016 1236 4067 Babyl.
1252 4018 1299 4057 Ar.

179 4066 195 4107 i)
208 4067 356 4105 obtinuissent
370 4066 390 4104 B
400 4066 430 4103 1¹.
1309 4066 1335 4104 40

180 4228 205 4285 1)
229 4228 320 4291 Sapua
336 4243 365 4291 p.
386 4229 434 4292 94,
454 4227 471 4279 l.
493 4228 526 4279 10
537 4241 592 4291 sqq.
674 4228 702 4283 2)
719 4225 776 4277 Hor
801 4227 914 4277 munda
937 4226 1011 4289 feria
1036 4227 1173 4294 paschatis
1198 4230 1300 4293 factam

177 4299 314 4348 ossanna.
327 4297 419 4349 Airai.
437 4304 461 4348 et
478 4297 624 4347 Marianus
642 4298 772 4361 referunt.
844 4299 872 4363 3)
889 4297 944 4365 Alp
962 4298 1074 4352 Arelas.
1146 4301 1175 4364 4)
1192 4299 1299 4352 Maria-

177 4383 246 4417 nus:
264 4366 369 4433 accepit
387 4366 550 4435 quingentos
568 4366 699 4418 bisantios
717 4382 821 4420 aureos.
